%% Created using Papers on Sat, 22 Oct 2011.
%% http://mekentosj.com/papers/

@book{Hopper:2002dy,
author = {Hopper, Nicholas J and Langford, John and Ahn, Luis},
editor = {Yung, Moti},
title = {{Lecture Notes in Computer Science}},
publisher = {Springer Berlin Heidelberg},
year = {2002},
volume = {2442},
series = {Lecture Notes in Computer Science},
address = {Berlin, Heidelberg},
month = sep
}

@webpage{Collberg:vt,
author = {Collberg, Christian and Thomborson, Clark and Low, Douglas},
title = {{A Taxonomy of Obfuscating Transformations}},
url = {http://www.cs.arizona.edu/~collberg/Research/Publications/CollbergThomborsonLow97a/A4.pdf}
}

@article{Ebcioglu:2001hy,
author = {Ebcioglu, K and Altman, E and Gschwind, M and Sathaye, S},
title = {{Dynamic binary translation and optimization}},
journal = {IEEE Transactions on Computers},
year = {2001},
volume = {50},
number = {6},
pages = {529--548},
month = jun
}

@webpage{Anonymous:eN4Qq0iQ,
title = {{FatELF}},
url = {http://icculus.org/fatelf}
}

@article{Limited:2010tj,
author = {Limited, ARM},
title = {{ARMv7-M Architecture Reference Manual}},
year = {2010},
pages = {1--1020},
month = feb
}

@inproceedings{Cifuentes:bq,
author = {Cifuentes, C and Cifuentes, C and Van Emmerik, M and Van Emmerik, M and Ramsey, N and Ramsey, N},
title = {{Sixth Working Conference on Reverse Engineering (Cat. No.PR00303)}},
booktitle = {Sixth Working Conference on Reverse Engineering},
pages = {280--291},
publisher = {IEEE Comput. Soc}
}

@article{Livshits:2011va,
title = {{Rozzle: De-Cloaking Internet Malware}},
year = {2011}
}

@article{Anonymous:CEMykZrM,
title = {{64-ia-32-architectures-software-developer-vol-1-2a-2b-3a-3b-manual}},
year = {2011},
pages = {1--4060},
month = sep
}

@webpage{nemo:wo,
author = {{nemo}},
title = {{Full Disclosure: OSX - Multi arch shellcode.}},
url = {http://seclists.org/fulldisclosure/2005/Nov/387}
}

@misc{IntomyARMsDevelop:2011wc,
title = {{Into my ARMs---Developing StrongARM/Linux shellcode}},
howpublished = {Phrack},
month = oct,
year = {2011}
}

@webpage{Anonymous:ZzXutOd7,
title = {{CVE - CVE-2010-0003 (under review)}},
url = {http://cve.mitre.org/cgi-bin/cvename.cgi?name=CVE-2010-003}
}

@article{Athi:2011ub,
author = {Athi, Sanjai},
title = {{MIPS32{\textregistered} 1074K{\texttrademark} CPU Family Software User's Manual}},
year = {2011},
pages = {1--395},
month = may
}

@article{Simmons:1984ts,
author = {Simmons, GJ},
title = {{The prisoners' problem and the subliminal channel}},
journal = {Advances in Cryptology: Proceedings of Crypto},
year = {1984}
}

@article{Cadar:2008we,
author = {Cadar, C and Dunbar, D},
title = {{KLEE: Unassisted and automatic generation of high-coverage tests for complex systems programs}},
journal = {{\ldots} of the 8th USENIX conference on {\ldots}},
year = {2008}
}

@inproceedings{Mason:2009jz,
author = {Mason, Joshua and Small, Sam and Monrose, Fabian and MacManus, Greg},
title = {{Proceedings of the 16th ACM conference on Computer and communications security - CCS '09}},
booktitle = {the 16th ACM conference},
year = {2009},
pages = {524},
publisher = {ACM Press},
address = {New York, New York, USA}
}

@article{Cachin:1998uo,
author = {Cachin, C},
title = {{An information-theoretic model for steganography}},
journal = {Information Hiding},
year = {1998}
}

@webpage{Anonymous:GsATHQ3F,
title = {{Exploits Database by Offensive Security}},
url = {http://www.exploit-db.com/}
}

@webpage{May:ua,
author = {May, David},
title = {{The XMOS XS1 Architecture}},
url = {http://www.xmos.com/published/xmos-xs1-architecture}
}

@booklet{Neiger:2006wf,
title = {{Intel virtualization technology: Hardware support for efficient processor virtualization}},
year = {2006}
}

@inproceedings{Avgerinos:2011vo,
author = {Avgerinos, T and Cha, SK and Hao, BLT},
title = {{AEG: Automatic exploit generation}},
booktitle = {Proceedings of the {\ldots}},
year = {2011}
}

@booklet{Gircys:1988wu,
title = {{Understanding and using COFF}},
year = {1988}
}

@inproceedings{Younan:2009tq,
author = {Younan, Y and Philippaerts, P and Piessens, F},
title = {{Filter-resistant code injection on ARM}},
booktitle = {Proceedings of the {\ldots}},
year = {2009}
}

@book{Balakrishnan:2005ba,
author = {Balakrishnan, Gogul and Gruian, Radu and Reps, Thomas and Teitelbaum, Tim},
editor = {Hutchison, David and Kanade, Takeo and Kittler, Josef and Kleinberg, Jon M and Mattern, Friedemann and Mitchell, John C and Naor, Moni and Nierstrasz, Oscar and Pandu Rangan, C and Steffen, Bernhard and Sudan, Madhu and Terzopoulos, Demetri and Tygar, Dough and Vardi, Moshe Y and Weikum, Gerhard and Bodik, Rastislav},
title = {{Lecture Notes in Computer Science}},
publisher = {Springer Berlin Heidelberg},
year = {2005},
volume = {3443},
series = {DavidHutchisonTakeoKanadeJosefKittlerJon M.KleinbergFriedemannMatternJohn C.MitchellMoniNaorOscarNierstraszC.Pandu RanganBernhardSteffenMadhuSudanDemetriTerzopoulosDoughTygarMoshe Y.VardiGerhardWeikumLecture Notes in Computer Science0302-97431611-3349},
address = {Berlin, Heidelberg}
}

@article{Cha:2010uh,
title = {{Platform-Independent Programs}},
year = {2010},
pages = {1--12},
month = jul
}

@inproceedings{Shacham:2007ty,
author = {Shacham, H},
title = {{The geometry of innocent flesh on the bone: Return-into-libc without function calls (on the x86)}},
booktitle = {Proceedings of the 14th ACM conference on {\ldots}},
year = {2007}
}

@article{Sites:1993hf,
author = {Sites, Richard L and Chernoff, Anton and Kirk, Matthew B and Marks, Maurice P and Robinson, Scott G},
title = {{Binary translation}},
journal = {Communications of the ACM},
year = {1993},
volume = {36},
number = {2},
pages = {69--81},
month = feb
}

@webpage{Anonymous:YP2D2NJw,
title = {{CVE - CVE-2005-3252 (under review)}},
url = {https://cve.mitre.org/cgi-bin/cvename.cgi?name=CAN-2005-3252}
}

@article{Tevanian:1995uw,
title = {{Method and apparatus for architecture independent executable files}},
year = {1995}
}

