@article{Bilar2007,
  author      = {Daniel Bilar},
  title       = {Fingerprinting Malicious Code Through Statistical Opcode Analysis},
  year        = {2007},
  publication = {ICGeS}}

@article{Cifuentes1999,
  author      = {Cifuentes, Christina and Van~Emmerik, Mike and Ramsey, Norman},
  title       = {The Design of a Resourcable and Retargetable Binary Translator},
  year        = {1999},
  publication = {}}

@inproceedings{Avgerinos2011,
  author    = {Thanassis Avgerinos and Sang Kil Cha and Brent Lim Tze Hao and David Brumley},
  title     = {AEG: Automatic Exploit Generation},
  booktitle = {Network and Distributed System Security Symposium},
  month     = feb,
  year      = {2011}}

@article{Mason2009,
  author      = {Joshua Mason and Sam Small and Fabian Monrose and Greg MacManus},
  title       = {English Shellcode},
  year        = {2009},
  publication = {Proceedings of the 16th ACM conference on Computer and Communications security}}

@article{Sites1993,
  author      = {Richard L. Sites and Anton Chernoff and Matthew B. Kirk and Maurice P. Marks and Scott G. Robinson},
  title       = {Binary Translation},
  year        = {1993},
  publication = {Communications of the ACM}}

@article{Ebcioglu2001,
  author      = {Kemal Ebcioglu and Erik Altman and Michael Gschwind and Sumedh Sathaye},
  title       = {Dynamic Birnary Translation and Optimization},
  year        = {2001},
  publication = {IEEE Transactions on Computers}}

@article{Balakrishnan2005,
  author      = {Gogul Balakrishnan and Radu Gruian and Thomas Reps},
  title       = {CodeSurfer x86â€”A Platform for Analyzing x86 Executables},
  year        = {2005},
  publication = {Compiler Construction}}

@article{Younan2009,
  author      = {Yves Younan and Pieter Philippaerts and Frank Piessens and Wouter Joosen and Sven Lachmund and Thomas Walter},
  title       = {Filter-resistant Code Injection on ARM},
  year        = {2009},
  publication = {Proceedings of the ACM}}

@article{Cachin1998,
  author      = {Christian Cachin},
  title       = {An Information Theoretci Model For Steganography},
  year        = {1998},
  publication = {Information Hiding}}

@techreport{Collberg1997,
  author = {Christian Collberg and Clark Thomborson and Douglas Low},
  title = {A Taxonomy of Obfuscating Transformations},
  institution = {The University of Auckland},
  year = {1997}}

