@article{
  author={},
  title={},
  journal={},
  year={}
}
